@book{vershynin2018high,
  title={High-dimensional probability: An introduction with applications in data science},
  author={Vershynin, Roman},
  volume={47},
  year={2018},
  publisher={Cambridge university press}
}


@article{le2006integration,
  title={Int{\'e}gration, probabilit{\'e}s et processus al{\'e}atoires},
  author={Le Gall, Jean-Fran{\c{c}}ois},
  journal={Ecole Normale Sup{\'e}rieure de Paris},
  year={2006}
}
